 @misc{techopedia_2018, title={What is C (programming language)? - definition from Techopedia}, url={https://www.techopedia.com/definition/24068/c-programming-language-c}, journal={Techopedia.com}, publisher={Techopedia}, author={Techopedia}, year={2018}, month={May}}
 
  @misc{coursera, title={What is python used for? A beginner's guide}, url={https://www.coursera.org/articles/what-is-python-used-for-a-beginners-guide-to-using-python}, journal={Coursera}} 
  
    @misc{cs 251: racket, title={Racket}, url={https://cs.wellesley.edu/~cs251/s21/notes/racket.html}, journal={CS 251: Racket}} 
   
    @misc{wikipedia_2022:2, title={R (programming language)}, url={https://en.wikipedia.org/wiki/R_(programming_language)}, journal={Wikipedia}, publisher={Wikimedia Foundation}, year={2022}, month={Mar}} 
    
     @misc{programiz, title={Bubble sort}, url={https://www.programiz.com/dsa/bubble-sort}, journal={Programiz}} 
     
      @misc{geeksforgeeks_2022, title={Merge sort}, url={https://www.geeksforgeeks.org/merge-sort/}, journal={GeeksforGeeks}, year={2022}, month={Jan}} 